@misc{aff2,
  author = {Annie Foong, Jason Fung, Don Newel},
  title = {An in-depth analysis of the impact of processor affinity on network performance },
  howpublished = {\url{http://ieeexplore.ieee.org/stamp/stamp.jsp?tp=&arnumber=1409136}},
  note = {Accessed: 2015-06-10}
}

@misc{traffic,
  author = {Daniel Turull},
  title = {Open Source Traffic Analyzer},
  howpublished = {https://people.kth.se/~danieltt/pktgen/docs/DanielTurull-thesis.pdf},
  note = {Accessed: 2015-06-14}
}

@misc{loop,
  author = {Robert Hundt},
  title = {Loop Recognition in C++/Java/Go/Scala},
  howpublished = {https://days2011.scala-lang.org/sites/days2011/files/ws3-1-Hundt.pdf},
  note = {Accessed: 2015-06-14}
}

@misc{eco,
  author = {S. Boragan Aruoba, Jess Fernndez-Villaverdez},
  title = {A Comparison of Programming Languages in Economics},
  howpublished = {http://economics.sas.upenn.edu/\~jesusfv/comparison\_languages.pdf},
  note = {Accessed: 2015-06-14}
}

@misc{intel4,
  author = {Intel},
  title = {Communications Packet Processing Brief},
  howpublished = {http://www.intel.com/content/www/us/en/communications/communications-packet-processing-brief.html},
  note = {Accessed: 2015-06-14}
}

@misc{glen,
  author = {Glennklockwood},
  title = {Affinity},
  howpublished = {{http://www.glennklockwood.com/comp/affinity.php},
  note = {Accessed: 2015-06-14}
}

@misc{lnx,
  author = {Linux},
  title = {Linux Network Administrator's Guide},
  howpublished = {http://www.oreilly.com/openbook/linag2/book/ch09.html},
  note = {Accessed: 2015-06-14}
}

@misc{arp,
  author = {ARP},
  title = {ARP},
  howpublished = {http://www.erg.abdn.ac.uk/users/gorry/course/inet-pages/arp.html},
  note = {Accessed: 2015-06-14}
}

@misc{how,
  author = {JHow Stuff Works},
  title = {NAT},
  howpublished = {http://computer.howstuffworks.com/nat.htm},
  note = {Accessed: 2015-06-14}
}

@misc{linux,
  author = {Linux Foundation},
  title = {Kernel Flow},
  howpublished = {http://www.linuxfoundation.org/collaborate/workgroups/networking/kernel\_flow},
  note = {Accessed: 2015-06-14}
}

@misc{geek,
  author = {The Geek Stuff},
  title = {IP protocol header},
  howpublished = {http://www.thegeekstuff.com/2012/03/ip-protocol-header/},
  note = {Accessed: 2015-06-14}
}

@misc{oracle,
  author = {Oracle},
  title = {JNI spec - types},
  howpublished = {http://docs.oracle.com/javase/1.5.0/docs/guide/jni/spec/types.html},
  note = {Accessed: 2015-06-14}
}

@misc{ibm,
  author = {IBM},
  title = {J-JNI},
  howpublished = {http://www.ibm.com/developerworks/java/library/j-jni/},
  note = {Accessed: 2015-06-14}
}

@misc{janet,
  author = {Janet Project},
  title = {JNI Bench},
  howpublished = {http://janet-project.sourceforge.net/papers/jnibench.pdf},
  note = {Accessed: 2015-06-14}
}

@misc{codegeeks1,
  author = {Java Code Geeks},
  title = {Analysing a Java core dump},
  howpublished = {http://www.javacodegeeks.com/2013/02/analysing-a-java-core-dump.html},
  note = {Accessed: 2015-06-14}
}

@misc{codegeeks2,
  author = {Java Code Geeks},
  title = {Which memory is faster heap or bytbuffer or direct},
  howpublished = {http://www.javacodegeeks.com/2013/08/which-memory-is-faster-heap-or-bytebuffer-or-direct.html},
  note = {Accessed: 2015-06-14}
}

@misc{jenkov,
  author = {Jenkov},
  title = {NIO buffers},
  howpublished = {http://tutorials.jenkov.com/java-nio/buffers.html},
  note = {Accessed: 2015-06-14}
}

@misc{toms,
  author = {Toms Hardware},
  title = {What core thread},
  howpublished = {http://www.tomshardware.co.uk/forum/306079-28-what-core-thread},
  note = {Accessed: 2015-06-14}
}


@article{posix,
  Author = {Wim H. Hesselink},
  Journal = {Science of Computer Programming},
  Title = {A Crossing with Java Threads and POSIX Threads},
  Year = {2011}
}

@misc{redhat,
  author = {Redhat},
  title = {Memory hugepages},
  howpublished = {https://access.redhat.com/documentation/en-US/Red\_Hat\_Enterprise\_Linux/6/html/Performance\_Tuning\_Guide/s-memory-transhuge.html},
  note = {Accessed: 2015-06-14}
}

@misc{kernel,
  author = {Kernel.org},
  title = {Kernel hugepages},
  howpublished = {https://www.kernel.org/doc/Documentation/vm/hugetlbpage.txt},
  note = {Accessed: 2015-06-14}
}

@misc{dzone,
  author = {Dzone},
  title = {Heap vs off heap memory usage},
  howpublished = {http://java.dzone.com/articles/heap-vs-heap-memory-usage},
  note = {Accessed: 2015-06-14}
}

@misc{dpdk,
  author = {DPDK},
  title = {About},
  howpublished = {http://dpdk.org}},
  note = {Accessed: 2015-02-27}
}

@misc{buffer,
  author = {Linux Journal},
  title = {Queueing Linux Network Stack},
  howpublished = {http://www.linuxjournal.com/content/queueing-linux-network-stack?page=0,0}},
  note = {Accessed: 2015-02-27}
}

@misc{ipv6,
  author = {Route My World},
  title = {IPv6},
  howpublished = {\url{http://routemyworld.com/2009/02/01/bsci-ip-version-6/}},
  note = {Accessed: 2015-02-27}
}

@misc{catb,
  author = {Catb},
  title = {Structure Packing},
  howpublished = {\url{http://www.catb.org/esr/structure-packing/}},
  note = {Accessed: 2015-06-10}
}

@misc{bytealign,
  author = {Eventhelix},
  title = {Byte Alignment And Ordering},
  howpublished = {\url{http://www.eventhelix.com/RealtimeMantra/ByteAlignmentAndOrdering.htm#.VXSljlxVikp}},
  note = {Accessed: 2015-06-10}
}

@misc{affinity,
  author = {Bitsum,
  title = {When CPU Affinity Matters},
  howpublished = {\url{http://bitsum.com/pl_when_cpu_affinity_matters.php}},
  note = {Accessed: 2015-06-10}
}

@article{sockets,
  title={Java Fast Sockets: Enabling high-speed Java communications on high performance clusters},
  author={Taboada, Guillermo L and Touri{\~n}o, Juan and Doallo, Ram{\'o}n},
  journal={Computer Communications},
  volume={31},
  number={17},
  pages={4049--4059},
  year={2008},
  publisher={Elsevier}
}



@misc{ibm_jverbs,
  author = {IBM Knowledge Centre},
  title = {RDMA jVerbs},
  howpublished = {\url{http://www-01.ibm.com/support/knowledgecenter/#!/SSYKE2_7.0.0/com.ibm.java.lnx.71.doc/diag/understanding/rdma_jverbs.html}},
  note = {Accessed: 2015-02-27}
}


@misc{jvm,
  author = {Java Servlets Jsp Web},
  title = {JVM architecture},
  howpublished = {\url{http://www.javaservletsjspweb.in/2012/02/java-virtual-machine-jvm-architecture.html#.VPAQAkJrjKA}},
  note = {Accessed: 2015-02-27}
}

@misc{nat-table,
  author = {Windows IT Pro},
  title = {What types of Network Address Translation (NAT) exist?},
  howpublished = {\url{http://windowsitpro.com/networking/what-types-network-address-translation-nat-exist}},
  note = {Accessed: 2015-02-27}
}

@article{hpc,
	Author = {Taboada, Guillermo L and Ramos, Sabela and Exposito, Roberto R and Tourino, Juan and Doallo, Ramon},
	Date-Added = {2015-02-27 08:14:22 +0000},
	Date-Modified = {2015-02-27 08:15:38 +0000},
	Journal = {Science of Computer Programming},
	Number = {5},
	Pages = {425--444},
	Title = {Java in the High Performance Computing arena: Research, practice and experience},
	Volume = {78},
	Year = {2013}}

@inproceedings{netmap,
	Author = {Rizzo, Luigi},
	Booktitle = {USENIX Annual Technical Conference},
	Date-Added = {2015-02-27 08:12:48 +0000},
	Date-Modified = {2015-02-27 08:13:18 +0000},
	Title = {netmap: A Novel Framework for Fast Packet I/O.},
	Year = {2012}}

@inproceedings{jverbs,
	Author = {Stuedi, Patrick and Metzler, Bernard and Trivedi, Animesh},
	Booktitle = {Proceedings of the 4th annual Symposium on Cloud Computing},
	Date-Added = {2015-02-27 08:08:36 +0000},
	Date-Modified = {2015-02-27 08:11:16 +0000},
	Organization = {ACM},
	Title = {jVerbs: ultra-low latency for data center applications},
	Year = {2013}}
