%% This BibTeX bibliography file was created using BibDesk.
%% http://bibdesk.sourceforge.net/

%% Created for Ashley Hemingway at 2015-02-27 08:25:56 +0000 


%% Saved with string encoding Unicode (UTF-8) 


@misc{jvm,
  title = {Java Servlets Jsp Web - JVM architecture},
  howpublished = {\url{http://www.javaservletsjspweb.in/2012/02/java-virtual-machine-jvm-architecture.html#.VPAQAkJrjKA}},
  note = {Accessed: 2015-02-27}
}

@misc{firewall,
  title = {Wikipedia - Firewall(Computing) (PNG Image)},
  howpublished = {\url{http://en.wikipedia.org/wiki/Firewall_(computing)#mediaviewer/File:Firewall.png}},
  note = {Accessed: 2015-02-27}
}

@misc{middlebox,
  title = {NEC Europe Network Laboratories - Middlebox Traversal},
  howpublished = {\url{http://www.neclab.eu/Projects/midcom.htm}},
  note = {Accessed: 2015-02-27}
}

@misc{nat-table,
  title = {Windows IT Pro - What types of Network Address Translation (NAT) exist?},
  howpublished = {\url{http://windowsitpro.com/networking/what-types-network-address-translation-nat-exist}},
  note = {Accessed: 2015-02-27}
}

@article{hpc,
	Author = {Taboada, Guillermo L and Ramos, Sabela and Exposito, Roberto R and Tourino, Juan and Doallo, Ramon},
	Date-Added = {2015-02-27 08:14:22 +0000},
	Date-Modified = {2015-02-27 08:15:38 +0000},
	Journal = {Science of Computer Programming},
	Number = {5},
	Pages = {425--444},
	Title = {Java in the High Performance Computing arena: Research, practice and experience},
	Volume = {78},
	Year = {2013}}

@inproceedings{netmap,
	Author = {Rizzo, Luigi},
	Booktitle = {USENIX Annual Technical Conference},
	Date-Added = {2015-02-27 08:12:48 +0000},
	Date-Modified = {2015-02-27 08:13:18 +0000},
	Title = {netmap: A Novel Framework for Fast Packet I/O.},
	Year = {2012}}

@inproceedings{jverbs,
	Author = {Stuedi, Patrick and Metzler, Bernard and Trivedi, Animesh},
	Booktitle = {Proceedings of the 4th annual Symposium on Cloud Computing},
	Date-Added = {2015-02-27 08:08:36 +0000},
	Date-Modified = {2015-02-27 08:11:16 +0000},
	Organization = {ACM},
	Title = {jVerbs: ultra-low latency for data center applications},
	Year = {2013}}
